@article{RN6157,
   author = {Pearson, Karl},
   title = {LIII. On lines and planes of closest fit to systems of points in space},
   journal = {The London, Edinburgh, and Dublin Philosophical Magazine and Journal of Science},
   volume = {2},
   number = {11},
   pages = {559-572},
   ISSN = {1941-5982},
   DOI = {10.1080/14786440109462720},
   url = {https://www.tandfonline.com/doi/pdf/10.1080/14786440109462720?needAccess=true},
   year = {1901},
   type = {Journal Article}
}

@article{RN6158,
   author = {Hotelling, H.},
   title = {Analysis of a complex of statistical variables into principal components},
   journal = {Journal of Educational Psychology},
   volume = {24},
   number = {6},
   pages = {417-441},
   ISSN = {1939-2176(Electronic),0022-0663(Print)},
   DOI = {10.1037/h0071325},
   year = {1933},
   type = {Journal Article}
}
@article{RN6164,
   author = {Breiman, Leo},
   title = {Random Forests},
   journal = {Machine Learning},
   volume = {45},
   number = {1},
   pages = {5-32},
   ISSN = {1573-0565},
   DOI = {10.1023/A:1010933404324},
   url = {https://doi.org/10.1023/A:1010933404324},
   year = {2001},
   type = {Journal Article}
}

