@book{RN5873,
   author = {Holland, John H.},
   title = {Adaptation in natural and artificial systems},
   publisher = {University of Michigan Press},
   address = {Ann Arbor},
   year = {1975},
   type = {Book}
}
@phdthesis{RN5874,
   author = {De Jong, Kenneth Alan},
   title = {Analysis of the behavior of a class of genetic adaptive systems},
   university = {University of Michigan},
   year = {1975},
   type = {Thesis}
}
@article{RN5878,
   author = {Storn, Rainer and Price, Kenneth},
   title = {Differential Evolution â€“ A Simple and Efficient Heuristic for global Optimization over Continuous Spaces},
   journal = {Journal of Global Optimization},
   volume = {11},
   number = {4},
   pages = {341-359},
   ISSN = {1573-2916},
   DOI = {10.1023/A:1008202821328},
   url = {https://doi.org/10.1023/A:1008202821328
https://link.springer.com/content/pdf/10.1023/A:1008202821328.pdf},
   year = {1997},
   type = {Journal Article}
}
@book{RN5876,
   author = {He, Xing-Shi and Yang, Xin-She},
   title = {Mathematical Foundations of Nature-Inspired Algorithms},
   publisher = {Springer},
   series = {SpringerBriefs in Optimization},
   ISBN = {978-3-030-16935-0
978-3-030-16936-7},
   DOI = {10.1007/978-3-030-16936-7},
   year = {2019},
   type = {Book}
}
@inproceedings{RN5870,
  author={Kennedy, J. and Eberhart, R.},
  booktitle={Proceedings of ICNN'95 - International Conference on Neural Networks}, 
  title={Particle swarm optimization}, 
  year={1995},
  volume={4},
  number={},
  pages={1942-1948 vol.4},
  doi={10.1109/ICNN.1995.488968}}
}
